<?xml version="1.0" encoding="UTF-8"?><collection xmlns="http://www.loc.gov/MARC21/slim"><record><leader>00421nam--2200157-i-4500</leader><controlfield tag="001">000029533</controlfield><controlfield tag="002">20161230</controlfield><controlfield tag="005">20170302101047</controlfield><controlfield tag="008">060222s1000------------r-----000-0-eng-d</controlfield><datafield ind1=" " ind2=" " tag="040"><subfield code="a">IFIN-HH</subfield></datafield><datafield ind1=" " ind2=" " tag="080"><subfield code="a">530.145.6:535</subfield></datafield><datafield ind1="1" ind2=" " tag="100"><subfield code="a">Loudon, Rodney</subfield></datafield><datafield ind1="1" ind2="0" tag="245"><subfield code="a">The Quantum Theory of Light</subfield><subfield code="c">Rodney, London</subfield></datafield><datafield ind1=" " ind2=" " tag="260"><subfield code="a">Oxford, Clarendon Press, 1973, XII + 338p</subfield></datafield><datafield ind1=" " ind2=" " tag="852"><subfield code="a">42053</subfield><subfield code="c">530.145</subfield></datafield><datafield ind1=" " ind2=" " tag="CAT"><subfield code="a">SYS</subfield><subfield code="c">20170302</subfield><subfield code="h">101047</subfield></datafield></record></collection>